<?xml version="1.0" encoding="UTF-8"?><collection xmlns="http://www.loc.gov/MARC21/slim"><record><leader>00490nam--2200169-i-4500</leader><controlfield tag="001">000037815</controlfield><controlfield tag="002">20161230</controlfield><controlfield tag="005">20170222000914</controlfield><controlfield tag="008">060222s1000------------r-----000-0-eng-d</controlfield><datafield ind1=" " ind2=" " tag="080"><subfield code="a">541.64:547.28:66.085</subfield></datafield><datafield ind1=" " ind2=" " tag="100"><subfield code="a">Ranby, B</subfield></datafield><datafield ind1=" " ind2=" " tag="245"><subfield code="a">Photodegradation, photo-oxidation and photostabilization of polymers, principlles and applications</subfield></datafield><datafield ind1=" " ind2=" " tag="260"><subfield code="a">London</subfield><subfield code="b">John Wiley &amp; Sons</subfield><subfield code="c">1975</subfield></datafield><datafield ind1=" " ind2=" " tag="300"><subfield code="a">XV + 573 p</subfield></datafield><datafield ind1=" " ind2=" " tag="700"><subfield code="a">Rabek, Jan F</subfield></datafield><datafield ind1=" " ind2=" " tag="852"><subfield code="a">45137</subfield></datafield><datafield ind1=" " ind2=" " tag="CAT"><subfield code="a">SYS</subfield><subfield code="c">20170222</subfield><subfield code="h">000914</subfield></datafield></record></collection>